@article{Little:1961:PQF:2772689.2772699,
 author = {Little, John D. C.},
 title = {A Proof for the Queuing Formula: L = $\lambda$W},
 journal = {Oper. Res.},
 issue_date = {June 1961},
 volume = {9},
 number = {3},
 month = jun,
 year = {1961},
 issn = {0030-364X},
 pages = {383--387},
 numpages = {5},
 url = {http://dx.doi.org/10.1287/opre.9.3.383},
 doi = {10.1287/opre.9.3.383},
 acmid = {2772699},
 publisher = {INFORMS},
 address = {Institute for Operations Research and the Management Sciences (INFORMS), Linthicum, Maryland, USA},
}

@book{Kemeny,
author = {Kemeny, Snell},
chapter = {Ch. 3: Absorbing Markov Chains},
title = {Finite Markov Chains},
edition = {2nd},
month = {July},
year = {1976},
publisher = {Springer-Verlag},
issn = {ISBN 978-0-387-90192-3}
}

@misc{Apache,
author = {The Apache Software Foundation},
title = {Apache MPM prefork},
howpublished = {\url{http://httpd.apache.org/docs/2.4/mod/prefork.html}},
note = {Accessed: 2015-06-07}
}

